@comment{jabref-meta: databaseType:bibtex;}

@article{Douma2019,
author = {Douma, Harke and Addink, Elisabeth A and Kleinhans, Maarten G},
institution = {Universiteit Utrecht, Departement Fysische Geografie},
journal = {Universiteit Utrecht, Departement Fysische Geografie, rapport i.o. Rijkswaterstaat CIV},
title = {{Nadere uitwerking productie Geomorfologische Kaart met behulp van Object‚ÄêBased Image Analysis voor de Waddenzee}},
year = {2019}
}
@inproceedings{berman2018lovasz,
  title={The lov{\'a}sz-softmax loss: A tractable surrogate for the optimization of the intersection-over-union measure in neural networks},
  author={Berman, Maxim and Triki, Amal Rannen and Blaschko, Matthew B},
  booktitle={Proceedings of the IEEE Conference on Computer Vision and Pattern Recognition},
  pages={4413--4421},
  year={2018}
}
@article{zevenbergen1987quantitative,
  title={Quantitative analysis of land surface topography},
  author={Zevenbergen, Lyle W and Thorne, Colin R},
  journal={Earth surface processes and landforms},
  volume={12},
  number={1},
  pages={47--56},
  year={1987},
  publisher={Wiley Online Library}
}
@inproceedings{abraham2019novel,
  title={A novel focal tversky loss function with improved attention u-net for lesion segmentation},
  author={Abraham, Nabila and Khan, Naimul Mefraz},
  booktitle={2019 IEEE 16th International Symposium on Biomedical Imaging (ISBI 2019)},
  pages={683--687},
  year={2019},
  organization={IEEE}
}
@article{horn1981hill,
  title={Hill shading and the reflectance map},
  author={Horn, Berthold KP},
  journal={Proceedings of the IEEE},
  volume={69},
  number={1},
  pages={14--47},
  year={1981},
  publisher={IEEE}
}
@inproceedings{van2019deep,
  title={Deep Neural Networks with Intersection over Union Loss for Binary Image Segmentation.},
  author={van Beers, Floris and Lindstr{\"o}m, Arvid and Okafor, Emmanuel and Wiering, Marco A},
  booktitle={ICPRAM},
  pages={438--445},
  year={2019}
}
@inproceedings{Chen:2016:XST:2939672.2939785,
 author = {Chen, Tianqi and Guestrin, Carlos},
 title = {{XGBoost}: A Scalable Tree Boosting System},
 booktitle = {Proceedings of the 22nd ACM SIGKDD International Conference on Knowledge Discovery and Data Mining},
 series = {KDD '16},
 year = {2016},
 isbn = {978-1-4503-4232-2},
 location = {San Francisco, California, USA},
 pages = {785--794},
 numpages = {10},
 url = {http://doi.acm.org/10.1145/2939672.2939785},
 doi = {10.1145/2939672.2939785},
 acmid = {2939785},
 publisher = {ACM},
 address = {New York, NY, USA},
 keywords = {large-scale machine learning},
}
@article{kleinhans2019tidal,
  title={Tidal flats, megaripples and marsh: automated recognition on aerial images},
  author={Kleinhans, Maarten G and Douma, Harke and Addink, Elisabeth A and Jentink, Robert},
  journal={MARID VI},
  pages={135},
  year={2019}
}
@article{bouma2005zoute,
  title={Zoute wateren ecotopenstelsel (zes. 1)},
  author={Bouma, H and De Jong, DJ and Twisk, F and Wolfstein, K},
  journal={Voor het in kaart brengen van het potenti{\"e}le voorkomen van levensgemeenschappen in zoute en brakke rijkswateren. Rapport RIKZ/2005.024. Rijkswaterstaat, Middelburg},
  year={2005}
}
@inproceedings{ronneberger2015u,
  title={U-net: Convolutional networks for biomedical image segmentation},
  author={Ronneberger, Olaf and Fischer, Philipp and Brox, Thomas},
  booktitle={International Conference on Medical image computing and computer-assisted intervention},
  pages={234--241},
  year={2015},
  organization={Springer}
}
@article{smith1987,
	Author = {Smith, J.},
	Journal = {Photogrammetria},
	Pages = {47--56},
	Title = {Close range photogrammetry for analyzing distressed trees},
	Volume = {42},
	Number = {1},
	Year = {1987}}

@article{michalis2008,
	Author = {P. Michalis and I. Dowman},
	Journal = {Photogrammetric Engineering \& Remote Sensing},
	Pages = {303--309},
	Title = {A Generic Model for Along-Track Stereo Sensors Using Rigorous Orbit Mechanics},
	Volume = {74},
	Number = {3},
	Year = {2008}}

@inbook{foerstner2016,
	Address = {Cham},
	Author = {F{\"o}rstner, W. and Wrobel, B.},
	Publisher = {Springer Nature},
	Title = {Photogrammetric Computer Vision},
	Year = {2016}}

@inproceedings{smith2000,
	Author = {J. Smith},
	Booktitle = {Int. Arch. Photogramm. Remote Sens. Spatial Inf. Sci.},
	Pages = {456--469},
	Title = {Remote sensing to predict volcano outbursts},
	Volume = {XXVII-B1},
	Year = {2000}}

@article{maas2017,
	Author = {Maas, A. and Rottensteiner, F. and Heipke, C.},
	Journal = {ISPRS Ann. Photogramm. Remote Sens. Spatial Inf. Sci.},
	Volume = {IV-1/W1},
	Pages = {215--222},
	Url = {doi.org/10.5194/isprs-annals-IV-1-W1-215-2017},
	Title = {Classification under label noise using outdated maps},
	Year = {2017}}

@article{chan2017,
	Author = {K. L. Chan and K. Qin},
	Journal = {Int. Arch. Photogramm. Remote Sens. Spatial Inf. Sci.},
	Volume = {XLII-2/W7},
	Pages = {29--36},
	Url = {doi.org/10.5194/isprs-archives-XLII-2-W7-29-2017},
	Title = {Biomass burning related pollution and their contributions to the air quality in Hong Kong},
	Year = {2017}}

@misc{dubayah2013,
	Author = {Dubayah, R.O. and Swatantran, A. and Huang, W. and Duncanson, L. and Trang, H. and Johnson, K. and Dunne, J.O. and Hurtt, G.C.},
	Howpublished = {ORNL DAAC, Oak Ridge, Tennessee, USA. doi.org/10.3334/ORNLDAAC/1523},
	Title = {{CMS: LiDAR-derived Biomass, Canopy Height and Cover, Sonoma County, California, 2013}},
	Year = {2017}}

@misc{grass2017,
	Author = {{GRASS Development Team}},
	Howpublished = {Open Source Geospatial Foundation. grass.osgeo.org (20 September 2017)},
	Title = {{Geographic Resources Analysis Support System (GRASS) Software}},
	Year = {2017}}

@misc{grass2015,
	Author = {{GRASS Development Team}},
	Howpublished = {Open Source Geospatial Foundation. grass.osgeo.org (1 June 2017)},
	Title = {{Geographic Resources Analysis Support System (GRASS) Software, Version 6.4}},
	Year = {2015}}

@misc{lennert2017,
	Author = {Lennert, M. and {GRASS Development Team}},
	Howpublished = {Open Source Geospatial Foundation. grass.osgeo.org/grass7/manuals/addons/i.segment.stats.html (1 June 2017)},
	Title = {{Addon i.segment.stats. Geographic Resources Analysis Support System (GRASS) Software, Version 7.2}},
	Year = {2017}}


@misc{gago2016,
	Author = {Gago-Silva, A.},
	Howpublished = {doi.org/10.6084/m9.figshare.3188950},
	Title = {{GRASS GIS in Grid Environment}},
	Year = {2016}}

@misc{smith1987rep,
	Author = {Smith, J.},
	Howpublished = {Report KRL-01234, Kennedy Research Laboratories, Arlington, VA, USA.},
	Title = {{Economic printing of color orthophotos}},
	Year = {1987}}
